<record><leader>00000cas a2200000 a 4500</leader><controlfield tag="001">11180529</controlfield><controlfield tag="008">840921d19081910ksudr ne      0   a0eng d</controlfield><controlfield tag="009">3789</controlfield><datafield ind1=" " ind2=" " tag="010"><subfield code="a">sn 84029576 </subfield></datafield><datafield ind1=" " ind2=" " tag="040"><subfield code="a">KSH</subfield><subfield code="b">eng</subfield><subfield code="c">KSH</subfield><subfield code="d">NPT</subfield><subfield code="d">OCL</subfield></datafield><datafield ind1=" " ind2=" " tag="042"><subfield code="a">msc</subfield></datafield><datafield ind1="0" ind2=" " tag="130"><subfield code="a">Lawrence daily democrat (Lawrence, Kan. : 1908)</subfield></datafield><datafield ind1="0" ind2="4" tag="245"><subfield code="a">The Lawrence daily democrat.</subfield></datafield><datafield ind1=" " ind2=" " tag="260"><subfield code="a">Lawrence, Kan. :</subfield><subfield code="b">Democrat Co.,</subfield><subfield code="c">1908-1910.</subfield></datafield><datafield ind1=" " ind2=" " tag="300"><subfield code="a">2 v. :</subfield><subfield code="b">ill. ;</subfield><subfield code="c">60 cm.</subfield></datafield><datafield ind1=" " ind2=" " tag="310"><subfield code="a">Daily</subfield></datafield><datafield ind1="0" ind2=" " tag="362"><subfield code="a">Vol. 1, no. 1 (Oct. 25, 1908)-v. 2, no. 296 (Oct. 5, 1910).</subfield></datafield><datafield ind1=" " ind2=" " tag="500"><subfield code="a">Published by: J.B. Fugate, Oct. 27, 1908-July 13, 1909; Lawrence Democrat Pub. Co., July 14, 1909-Mar. 8, 1910.</subfield></datafield><datafield ind1=" " ind2=" " tag="752"><subfield code="a">United States</subfield><subfield code="b">Kansas</subfield><subfield code="c">Douglas</subfield><subfield code="d">Lawrence.</subfield></datafield><datafield ind1="0" ind2="0" tag="780"><subfield code="t">Democrat (Lawrence, Kan.)</subfield><subfield code="w">(DLC)sn 84029571</subfield></datafield><datafield ind1="0" ind2="0" tag="785"><subfield code="t">Lawrence democrat</subfield><subfield code="w">(DLC)sn 84029580</subfield></datafield></record>